<collection xmlns="http://www.loc.gov/MARC21/slim"><record><leader>00740nam  2200229   450</leader><controlfield tag="001">814</controlfield><controlfield tag="003">http://montalegre.opacnet.com/OPAC/default.aspx?ContentAreaControl=ShowRegHoldings.ascx&amp;RegNo=16662</controlfield><datafield tag="010" ind1=" " ind2=" "><subfield code="a">972-1-02760-X</subfield></datafield><datafield tag="021" ind1=" " ind2=" "><subfield code="a">PT</subfield><subfield code="b">26937/89</subfield></datafield><datafield tag="095" ind1=" " ind2=" "><subfield code="a">PTBN00351516</subfield></datafield><datafield tag="100" ind1=" " ind2=" "><subfield code="a">2061013 d1988    m  y0pora010305  ba</subfield></datafield><datafield tag="101" ind1="1" ind2=" "><subfield code="a">por</subfield><subfield code="c">eng</subfield></datafield><datafield tag="102" ind1=" " ind2=" "><subfield code="a">PT</subfield><subfield code="b">Mem Martins</subfield></datafield><datafield tag="200" ind1="1" ind2=" "><subfield code="a">&lt;O &gt;quinto filho</subfield><subfield code="f">Doris Lessing</subfield><subfield code="g">trad. de Adelina Antunes</subfield></datafield><datafield tag="210" ind1=" " ind2=" "><subfield code="a">Mem Martins</subfield><subfield code="c">Europa-América</subfield><subfield code="d">cop. 1988</subfield></datafield><datafield tag="215" ind1=" " ind2=" "><subfield code="a">172 p.</subfield><subfield code="d">21 cm</subfield></datafield><datafield tag="225" ind1="2" ind2=" "><subfield code="a">Século XX</subfield><subfield code="v">304</subfield></datafield><datafield tag="304" ind1=" " ind2=" "><subfield code="a">Tit. orig. The fifth child</subfield></datafield><datafield tag="675" ind1=" " ind2=" "><subfield code="a">821</subfield><subfield code="z">por</subfield></datafield><datafield tag="700" ind1=" " ind2="1"><subfield code="a">Lessing</subfield><subfield code="b">Doris</subfield><subfield code="f">1919-</subfield></datafield><datafield tag="801" ind1=" " ind2="0"><subfield code="a">PT</subfield><subfield code="b">Biblioteca Municipal de Montalegre</subfield><subfield code="g">RPC</subfield></datafield><datafield tag="856" ind1=" " ind2=" "><subfield code="u">locateMedia.asp?cod=20060622162826&amp;ext=jpg</subfield><subfield code="z">CAPA</subfield></datafield><datafield tag="909" ind1="&#9;" ind2=" "><subfield code="a">1</subfield></datafield><datafield tag="966" ind1=" " ind2=" "><subfield code="a">0008754</subfield><subfield code="l">BMM</subfield><subfield code="s">SCG 821 LES qui 304</subfield></datafield></record></collection>